@book{Klapuri2006Signal,
  title={Signal Processing Methods for Music Transcription},
  publisher={Springer}, author={Klapuri, A. and Davy, M.},
  year={2006}
}

@article{Casey2008Content,
  title={Content-Based Music Information Retrieval: Current Directions and Future Challenges},
  volume={96},
  number={4},
  journal={Proceedings of the IEEE},
  author={Casey, M. and Veltkamp, R. and Goto, M. and Leman, M. and Rhodes, C. and Slaney, M.},
  year={2008},
  pages={668--696}
}

@article{Mueller2011Signal,
  author = {M{\"u}ller, M. and Ellis, D.P.W. and Klapuri, A. and Richard, G.},
  journal = {Journal Selected Topics in Signal Processing},
  title = {Signal Processing for Music Analysis},
  number = {6},
  publisher = {IEEE},
  volume = {5},
  year = {2011},
  pages = {1088--1110}
}

@inproceedings{Aucouturier2002Music,
  title={Music Similarity Measures: What's the Use?},
  booktitle={Proceedings of the 3rd International Society Music Information Retrieval Conference ({ISMIR})},
  author={J. J. Aucouturier},
  year={2002}
}

@inproceedings{Cho2010Exploring,
  title={Exploring Common Variations In State Of The Art Chord Recognition Systems},
  booktitle={Proceedings of the Sound and Music Computing Conference},
  author={Cho, T. and Weiss, R. J. and Bello, J. P.},
  year={2010}
}

@book{Buxton2007Sketching,
  title={Sketching User Experiences: Getting the Design Right and the Right Design},
  publisher={Morgan Kaufmann},
  author={Buxton, B.},
  year={2007}
}

@inproceedings{Karydis2010Looking,
  title={Looking Through The ``Glass Ceiling'': A Conceptual Framework for the Problems of Spectral Similarity},
  booktitle={Proceedings of the 11th International Society Music Information Retrieval Conference ({ISMIR})},
  author={Karydis, I. and Radovanovic, M. and Nanopoulos, A. and Ivanovic, M.},
  year={2010}
}

@article{Grey1977Multidimensional,
  title={Multidimentional perceptual scaling of musical timbre},
  volume={61}, journal={Journal Acoustical Society of America},
  author={Grey, J. M.},
  year={1977},
  pages={1270--1277}
}

@article{Bello2005Tutorial,
  title={A Tutorial on Onset Detection in Music Signals},
  volume={13},
  number={5},
  journal={IEEE Transactions on Audio, Speech and Language Processing},
  publisher={IEEE},
  author={Bello, J. P. and Daudet, L. and Abdallah, S. and Duxbury, C. and Davies, M. and Sandler, M.},
  year={2005},
  pages={1035--1047}
}

@book{Mueller2007Information,
  author = {M. M\"{u}ller},
  title = {Information Retrieval for Music and Motion},
  year = {2007},
  publisher = {Springer Verlag}
}

@article{LeCun1998Gradient,
  title={Gradient-Based Learning Applied to Document Recognition},
  volume={86},
  number={11},
  journal={Proceedings of the IEEE},
  author={Le{C}un, Y. and Bottou, L. and Bengio, Y. and Haffner, P.},
  year={1998},
  pages={2278--2324}
}

@inproceedings{Anden2011Multiscale,
  author = {J. And{\'e}n and S. Mallat},
  title = {Multiscale Scattering for Audio Classification},
  booktitle = {Proceedings of the 12th International Conference on Music Information Retrieval ({ISMIR})},
  year = {2011}
}

@article{Scheirer1998Tempo,
  title={Tempo and Beat Analysis of Acoustic Musical Signals.},
  volume={103},
  number={1},
  journal={Journal Acoustical Society of America},
  author={Scheirer, E. D.},
  year={1998},
  pages={588--601}
}

@article{Klapuri2006Analysis,
  title={Analysis of the Meter of Acoustic Musical Signals},
  volume={14},
  number={1},
  journal={IEEE Transactions on Audio, Speech and Language Processing},
  publisher={IEEE},
  author={Klapuri, A. P. and Eronen, A. J. and Astola, J. T.},
  year={2006},
  pages={342--355}
}

@article{Grosche2011Extracting,
  title={Extracting Predominant Local Pulse Information from Music Recordings},
  volume={19},
  number={6},
  journal={IEEE Transactions on Audio, Speech and Language Processing},
  publisher={IEEE},
  author={Grosche, P. and M\"uller, M.},
  year={2011},
  pages={1688--1701}
}

@article{Hinton2006Fast,
  title={A Fast Learning Algorithm for Deep Belief Nets.},
  volume={18},
  number={7},
  journal={Neural Computation},
  publisher={MIT PRESS},
  author={Hinton, G. E. and Osindero, S. and Teh, Y.},
  year={2006},
  pages={1527--1554}
}

@inproceedings{Lee2009Convolutional,
  title={Convolutional Deep Belief Networks for Scalable Unsupervised Learning of Hierarchical Representations},
  booktitle={Proceedings of the ICML},
  author={Lee, H. and Grosse, R. and Ranganath, R. and Ng, A. Y.},
  year={2009}}

@inproceedings{Koray2010Learning,
 author = "Kavukcuoglu, K. and Sermanet, P. and Boureau, Y. and Gregor, K. and Mathieu, M. and LeCun, Y.",
 title = "Learning Convolutional Feature Hierarchies for Visual Recognition",
 booktitle = "Proceedings of the NIPS",
 year = "2010",
}

@inproceedings{Li2010Automatic,
  title={Automatic Musical Pattern Feature Extraction Using Convolutional Neural Network},
  booktitle={Proceedings of the IMECS},
  author={Li, T. and Chan, A. and Chun, A.},
  year={2010}
}

@inproceedings{Humphrey2010Nonlinear,
  title={Non-Linear Semantic Embedding for Organizing Large Instrument Sample Libraries},
  booktitle={Proceedings of the ICMLA},
  author={Humphrey, E. J. and Glennon, A. P. and Bello, J. P.},
  year={2010}
}

@inproceedings{Humphrey2011Learning,
  author = {Humphrey, E. J. and Cho, T. and Bello, J. P.},
  title = {Learning a Robust Tonnetz-Space Transform for Automatic Chord Recognition},
  booktitle = {Acoustics, Speech and Signal Processing (ICASSP), 2012 IEEE International Conference on},
  year = {2012},
}

@inproceedings{Nam2011Classification,
  title={A Classification-Based Polyphonic Piano Transcription Approach Using Learned Feature Representations},
  booktitle={Proceedings of the12th International Conference on Music Information Retrieval ({ISMIR})},
  author={Nam, J. and Ngiam, J. and Lee, H. and Slaney, M.},
  year={2011}
}

@inproceedings{Hamel2009Automatic,
  author = {Hamel, P. and Wood, S. and Eck, D.},
  title = {Automatic Identification of Instrument Classes in Polyphonic and Poly-Instrument Audio},
  booktitle = {Proceedings of the 10th International Conference on Music Information Retrieval ({ISMIR})},
  year = {2009},
}

@inproceedings{Hamel2010Learning,
  author = {Hamel, P. and Eck, D.},
  title = {Learning features from music audio with deep belief networks},
  booktitle = {Proceedings of the 11th International Conference on Music Information Retrieval ({ISMIR})},
  year = {2010},
}

@inproceedings{Schmidt2011Modeling,
 author = "Schmidt, E. M. and Kim, Y. E.",
 title = "Modeling the Acoustic Structure of Musical Emotion with Deep Belief Networks",
 booktitle = "Proceedings of the Neural Information Processing Systems",
 year = "2011",
}

@inproceedings{Dieleman2011Audio,
  author = {Dieleman, S. and Brakel, P. and Schrauwen, B.},
  title = {Audio-Based Music Classification With A Pretrained Convolutional Network},
  booktitle = {Proceedings of the 12th International Conference on Music Information Retrieval ({ISMIR})},
  year = {2011}
}

@inproceedings{Henaff2011Unsupervised,
 title = {Unsupervised Learning of Sparse Features for Scalable Audio Classification},
 author = {Henaff, M. and Jarrett, K. and Kavukcuoglu, K. and LeCun, Y.},
 booktitle = {Proceedings of the 12th International Conference on Music Information Retrieval ({ISMIR})},
 year = {2011}
}

@article{Pachet2006Recognizing,
  title={Recognizing Chords with {EDS}: {P}art {O}ne},
  journal={Computer Music Modeling and Retrieval},
  author={Cabral, G. and Pachet, F.},
  year={2006},
  pages={185--195}
}

@inproceedings{Pachet2003Automatic,
  author={Zils, A. and Pachet, F.},
  title={Automatic Extraction of Music Descriptors from Acoustic Signals using {EDS}.},
  booktitle={Proceedings of the Audio Engineering Society},
  year={2004}
}


@inproceedings{Cho2011Feature,
  author={T.~Cho and J.~P.~Bello},
  title={A Feature Smoothing Method For Chord Recognition Using Recurrence Plots.},
  booktitle={Proceedings of the 12th International Society Music Information Retrieval Conference ({ISMIR})},
  year={2011}
}

@inproceedings{Fujishima1999Realtime,
  author={T.~Fujishima},
  title={Realtime chord recognition of musical sound: a system using common lisp music},
  booktitle={Proceedings of the International Computer Music Conference ({ICMC})},
  year={1999}
}


@inproceedings{Mauch2010Approximate,
  author={M.~Mauch and S.~Dixon},
  title={Approximate Note Transcription For The Improved Identification Of Difficult Chords},
  booktitle={Proceedings of the 11th International Society Music Information Retrieval Conference ({ISMIR})},
  year={2010}
}

@inproceedings{Sheh2003Chord,
  author={A.~Sheh and D.~P.~W.~Ellis},
  title={Chord Segmentation and Recognition using EM-trained Hidden Markov Models},
  booktitle={Proceedings of the 4th International Society Music Information Retrieval Conference ({ISMIR})},
  year={2003}
}

@book{Smith2007Mathematics,
  author = {Smith, Julius Orion},
  edition = {2nd},
  isbn = {978-0974560748},
  pages = {322},
  publisher = {W3K Publishing},
  title = {{Mathematics of the Discrete Fourier Transform: With Audio Applications}},
  year = {2007},
}

@phdthesis{Cont2008Modeling,
author = {Cont, Arshia},
title = {{Modeling Musical Anticipation}},
year = {2008},
}


@article{Essid2006Musical,
  author = {Essid, Slim and Richard, Ga\"{e}l and David, Bertrand},
  issn = {1558-7916},
  journal = {IEEE Transactions on Audio, Speech and Language Processing},
  number = {4},
  pages = {1401--1412},
  publisher = {IEEE},
  title = {{Musical Instrument Recognition by Pairwise Classification Strategies}},
  volume = {14},
  year = {2006},
}

@inproceedings{Futrelle2002Interdisciplinary,
  author = {Futrelle, Joe and Downie, J.S.},
  booktitle = {Proceedings of the 3rd International Society Music Information Retrieval Conference ({ISMIR})},
  title = {{Interdisciplinary communities and research issues in music information retrieval}},
  NOurl = {http://ismir2002.ismir.net/proceedings/02-fp07-3.pdf},
  year = {2002},
}

@article{Harte2006Detecting,
  author = {Harte, Christopher and Sandler, Mark},
  journal = {ACM workshop on Audio and music},
  keywords = {audio,harmonic,music,pitch space,segmentation},
  title = {{Detecting harmonic change in musical audio}},
  NOurl = {http://portal.acm.org/citation.cfm?id=1178727},
  year = {2006},
}

@phdthesis{Jehan2005Creating,
  author = {Jehan, Tristan},
  month = {June},
  pages = {1--137},
  publisher = {Massachusetts Institute of Technology},
  school = {Massachusetts Institute of Technology},
  title = {{Creating Music by Listening}},
  volume = {Ph.D},
  year = {2005},
}

@article{Klapuri2008Multipitch,
  author = {Klapuri, A.},
  doi = {10.1109/TASL.2007.908129},
  issn = {1558-7916},
  journal = {IEEE Transactions on Audio, Speech and Language Processing},
  month = feb,
  number = {2},
  pages = {255--266},
  title = {{Multipitch Analysis of Polyphonic Music and Speech Signals Using an Auditory Model}},
  volume = {16},
  year = {2008},
}


@inproceedings{Kurth2006Cyclic,
  author = {Kurth, Frank and Gehrmann, Thorsten and M\"{u}ller, Meinard},
  booktitle = {Proceedings of the 7th International Society Music Information Retrieval Conference ({ISMIR})},
  title = {{The cyclic beat spectrum: Tempo-related audio features for time-scale invariant audio identification}},
  year = {2006},
}

@book{Li2011Music,
  author = {Li, Tao and Ogihara, Mitsunori and Tzanetakis, George},
  publisher = {CRC Press},
  title = {{Music Data Mining}},
  volume = {21},
  year = {2011},
}

@article{Mauch2010Simultaneous,
  author = {Mauch, Matthias and Dixon, Simon},
  issn = {1558-7916},
  journal = {IEEE Transactions on Audio, Speech and Language Processing},
  number = {6},
  pages = {1280--1289},
  publisher = {IEEE},
  title = {{Simultaneous Estimation of Chords and Musical Context From Audio}},
  volume = {18},
  year = {2010},
}

@book{Muller2007Information,
  author = {M\"{u}ller, Meinard},
  publisher = {Springer-Verlag New York Inc},
  title = {{Information Retrieval for Music and Motion}},
  year = {2007},
}

@article{Muller2010Towards,
  author = {M\"uller, Meinard and Ewert, Sebastian},
  doi = {10.1109/TASL.2010.2041394},
  issn = {1558-7916},
  journal = {IEEE Transactions on Audio, Speech and Language Processing},
  month = mar,
  number = {3},
  pages = {649--662},
  publisher = {IEEE},
  title = {{Towards Timbre-Invariant Audio Features for Harmony-Based Music}},
  NOurl = {http://ieeexplore.ieee.org/lpdocs/epic03/wrapper.htm?arnumber=5410051 http://ieeexplore.ieee.org/xpls/abs\_all.jsp?arnumber=5410051},
  volume = {18},
  year = {2010},
}

@inproceedings{Paulus2010Audio,
  author = {Paulus, Jouni},
  booktitle = {Proceedings of the 11th International Society Music Information Retrieval Conference ({ISMIR})},
  pages = {625--636},
  title = {{Audio-based music structure analysis}},
  year = {2010},
}

@book{Wang2006Computational,
  author = {Wang, D.L. and Brown, G.J.},
  publisher = {IEEE Press},
  title = {{Computational auditory scene analysis: Principles, algorithms, and applications}},
  NOurl = {http://www.lavoisier.fr/livre/notice.asp?id=OKLWRLAKRO6OWH},
  year = {2006},
}

@article{Bengio2009Learning,
  author={Bengio, Yoshua},
  title= {Learning Deep Architectures for {AI}.},
  year ={2009},
  journal={Foundations and Trends in Machine Learning},
  volume={2},
  number={1},
  pages ={1--127},
}

@techreport{Eck2008Learning,
  author = {Eck, Douglas and Lapalme, Jasmin},
  booktitle = {University of Montreal, Department of Computer Science},
  pages = {1--12},
  publisher = {Citeseer},
  title = {{Learning Musical Structure Directly from Sequences of Music}},
  volume = {6128},
  year = {2008},
}

@inproceedings{Flexer2010Combining,
  author = {Flexer, Arthur and Schnitzer, Dominik and Gasser, Martin and Pohle, Tim},
  booktitle = {Proceedings of the 11th International Conference on Music Information Retrieval ({ISMIR})},
  pages = {171--176},
  title = {{Combining Features Reduces Hubness in Audio Similarity}},
  year = {2010},
}

@inproceedings{Karydis2010Looking,
  author = {Karydis, Ioannis and Radovanovic, Milos and Nanopoulos, Alexandros and Ivanovic, Mirjana},
  booktitle = {Proceedings of the 11th International Conference on Music Information Retrieval ({ISMIR})},
  pages = {267--272},
  title = {{Looking Through the ``Glass Ceiling'': A Conceptual Framework for the Problems of Spectral Similarity}},
  year = {2010},
}

@incollection{Serra2010Audio,
  author = {Serr\`{a}, J. and G\'{o}mez, E. and Herrera, P.},
  booktitle = {Advances in Music Information Retrieval},
  chapter = {14},
  editor = {Ras, Z. W. and Wieczorkowska, A. A.},
  pages = {307--332},
  title = {{Audio cover song identification and similarity: background, approaches, evaluation, and beyond.}},
  year = {2010},
}

@phdthesis{Pampalk2006Computational,
  author = {Pampalk, E.},
  title = {{Computational models of music similarity and their application in music information retrieval}},
  year = {2006},
  school = {Vienna University of Technology},
  month={March},
}

@inproceedings{Hamel2010Learning,
  author = {Hamel, Philippe and Eck, Douglas},
  booktitle = {Proceedings of the 11th International Society Music Information Retrieval Conference ({ISMIR})},
  pages = {339--344},
  title = {{Learning features from music audio with deep belief networks}},
  year = {2010},
}


@article{Lacoste2007Supervised,
  author = {Lacoste, Alexandre and Eck, Douglas},
  doi = {10.1155/2007/43745},
  issn = {1687-6172},
  journal = {EURASIP Journal on Applied Signal Processing},
  pages = {1--13},
  title = {{A supervised classification algorithm for note onset detection}},
  volume = {2007},
  year = {2007},
}

@inproceedings{LeCun2010Convolutional,
  author = {LeCun, Y. and Kavukcuoglu, Koray and Farabet, C.},
  booktitle = {Proceedings of the of 2010 IEEE International Symposium on Circuits and Systems (ISCAS)},
  pages = {253--256},
  publisher = {IEEE},
  title = {{Convolutional networks and applications in vision}},
  year = {2010},
}

@article{LeCun2006Tutorial,
  title={A tutorial on energy-based learning},
  author={LeCun, Yann and Chopra, Sumit and Hadsell, Raia and Ranzato, M and Huang, F},
  journal={Predicting Structured Data},
  year={2006}
}

@article{Masci2011Artifical,
  author = {Masci, Jonathan and Meier, Ueli and Cirean, D. and Schmidhuber, J.},
  journal = {Artificial Neural Networks and Machine Learningâ (ICANN 2011)},
  pages = {52--59},
  publisher = {Springer},
  title = {{Stacked Convolutional Auto-Encoders for Hierarchical Feature Extraction}},
  year = {2011},
}


@inproceedings{Hinton2000Spiking,
  author={Hinton, G.E. , and  Brown, A.},
  title={Spiking Boltzmann machines},
  booktitle={In Advances in Neural Information Processing Systems},
  publisher={MIT Press, Cambridge, MA},
  year={2000},
}

@book{Mitra2005Digital,
  author = {Mitra, Sanjit K},
  edition = {3rd},
  isbn = {9780073048376},
  publisher = {McGraw-Hill Science/Engineering/Math},
  title = {{Digital signal processing}},
  volume = {4},
  year = {2005},
}

@book{Zolzer2002,
author = {Z\"{o}lzer, Udo and Amatriain, Xavier},
isbn = {978-0470665992},
pages = {533},
publisher = {John Wiley and Sons},
title = {{DAFX: Digital Audio Effects}},
volume = {114},
year = {2002},
}

@article{Shannon1938Symbolic,
  author={Shannon, C.},
  title={A Symbolic Analysis of Relay and Switching Circuits},
  year={1938},
  journal={Transactions American Institute of Electrical Engineers},
  vol={57},
}

@article{Fukushima1988Neocognitron,
  author={Fukushima, K},
  title={Neocognitron: A Hierarchical Neural Network Capable of Visual Pattern Recognition},
  journal={Neural Networks},
  vol={1},
  year={1988},
}

@inproceedings{Ranzato2007Sparse,
  author={Ranzato, M. and Boureau, Y-Lan  and LeCun, Yann},
  title={Sparse Feature Learning for Deep Belief Networks},
  booktitle={Advances in Neural Information Processing Systems (NIPS)},
  year={2007},
}

@inproceedings{Kavukcuoglu2010Learning,
  author = "Kavukcuoglu, Koray and Sermanet, Pierre and Boureau, {Y-Lan} and Gregor, Karol and Mathieu, {Micha\"el} and LeCun, Yann",
  title = "Learning Convolutional Feature Hierachies for Visual Recognition",
  booktitle = "Advances in Neural Information Processing Systems (NIPS)",
  year = "2010",
}

@inproceedings{Ranzato2011Deep,
  author={Ranzato, M. and Susskind, J. and Mnih, V. and Hinton, G.},
  title={On Deep Generative Models with Applications to Recognition},
  booktitle={Proceedings of the Computer Vision and Pattern Recognition Conference (CVPR)},
  address={Colarodo Springs},
  year={2011},
}

@article{Vincent2010Stacked,
  author={Vincent, P. and Larochelle, H. and Lajoie, I. and Bengio, Y. and Manzagol, P.-A},
  year={2010},
  title={Stacked De-noising Autoencoders: Learning Useful Representations in a Deep Network with a Local Denoising Criterion},
  journal={Journal of Machine Learning Research},
  vol={11},
  pages={3371--3408},
}

@inproceedings{Humphrey2012Moving,
  author = {Humphrey, E. J. and Bello, J. P. and {LeCun}, Y.},
  booktitle={Proceedings of the 13th International Conference on Music Information Retrieval ({ISMIR})},
  title = {{Moving Beyond Feature Design: Deep Architectures and Automatic Feature Learning in Music Informatics}},
  year = {2012},
}

@inproceedings{Humphrey2012Rethinking,
  author = {Humphrey, E. J. and Bello, J. P.},
  booktitle = {Proceedings of the International Conference on Machine Learning and Applications},
  title = {Rethinking Automatic Chord Recognition with Convolutional Neural Networks},
  year = {2012},
}

@book{Minsky1969Perceptrons,
  title={Perceptrons.},
  author={Minsky, M. and Papert, S.},
  year={1969},
  publisher={MIT press}
}

@article{Rosenblatt1958Perceptron,
  title={The perceptron: a probabilistic model for information storage and organization in the brain.},
  author={Rosenblatt, F.},
  journal={Psychological review},
  volume={65},
  number={6},
  pages={386},
  year={1958},
  publisher={American Psychological Association}
}

@incollection { LeCun1994Signature,
  original = "orig/bromley-94.djvu",
  author = "Bromley, J. and Guyon, I. and LeCun, Y. and Sackinger, E. and Shah, R.",
  title = "Signature Verification using a Siamese Time Delay Neural Network",
  booktitle = "Advances in Neural Information Processing Systems (NIPS)",
  volume = 6,
  publisher = "Morgan Kaufmann",
  editor = "Cowan, J. and Tesauro, G.",
  year = 1993
}

@article{Schmidhuber1997LSTM,
 title={Long short-term memory},
  author={Hochreiter, S. and Schmidhuber, J.},
  journal={Neural computation},
  volume={9},
  number={8},
  pages={1735--1780},
  year={1997},
  publisher={MIT Press}
}

@article{Jaeger2002Echo,
 title={The ``echo state'' approach to analysing and training recurrent neural networks.},
  author={Jaeger, H.},
  journal={Tecnical report GMD report},
  volume={148},
  year={2001}
}

@article{Taylor2011Distributed,
 title={Two distributed-state models for generating high-dimensional time series},
  author={Taylor, G.W. and Hinton, G.E. and Roweis, S.T.},
  journal={Journal of Machine Learning Research},
  volume={12},
  pages={1025--1068},
  year={2011}
}

@inproceedings{Martens2010Deep,
 title={Deep learning via Hessian-free optimization},
  author={Martens, J.},
  booktitle={Proceedings of the International Conference on Machine Learning (ICML)},
  volume={951},
  pages={2010},
  year={2010}
}

@inproceedings{Sutskever2011Generating,
 title={Generating text with recurrent neural networks},
  author={Sutskever, I. and Martens, J. and Hinton, G.},
  booktitle={Proceedings of the International Conference on Machine Learning (ICML)},
  year={2011}
}

@inproceedings{Richard2006Midlevel,
 title={Mid-level sparse representations for timbre identification: design of an instrument-specific harmonic dictionary},
  author={Leveau, P. and Vincent, E. and Richard, G. and Daudet, L.},
  booktitle={1st Workshop on Learning the Semantics of Audio Signals (LSAS)},
  year={2006}
}

@inproceedings{Hamel2011Temporal,
  title={Temporal pooling and multiscale learning for automatic annotation and ranking of music audio},
  author={Hamel, P. and Lemieux, S. and Bengio, Y. and Eck, D.},
  booktitle={Proceedings of the 12th International Society Music Information Retrieval Conference ({ISMIR})},
  year={2011}
}

@inproceedings{Hamel2012Building,
  title={Building musically relevant audio features through multiple timescale representations},
  author={Hamel, P. and Bengio, Y. and Eck, D.},
  booktitle={Proceedings of the 13th International Society Music Information Retrieval Conference ({ISMIR})},
  year={2012}
}

@inproceedings{Nam2012Learning,
  title={Learning sparse feature representations for music annotation and retrieval},
  author={Nam, J. and Herrera, J. and Slaney, M. and Smith, J.},
  booktitle={Proceedings of the 13th International Society Music Information Retrieval Conference ({ISMIR})},
  year={2012}
}

@inproceedings{Benetos2012Automatic,
  title={Automatic Music Transcription: Breaking the Glass Ceiling},
  author={Benetos, E. and Dixon, S. and Giannoulis, D. and Kirchhoff, H. and Klapuri, A.},
  booktitle={Proceedings of the 13th International Society Music Information Retrieval Conference ({ISMIR})},
  year={2012}
}

@inproceedings{BertinMahieux2012Largescale,
  author    = {Thierry Bertin-Mahieux and Daniel P. W. Ellis},
  title     = {Large-Scale Cover Song Recognition Using the 2{D} {F}ourier Transform Magnitude},
  booktitle = {Proceedings of the 13th International Society Music Information Retrieval Conference ({ISMIR})},
  year      = {2012},
  pages     = {241-246},
}

@article{Slaney2011Webscale,
  title={Web-scale multimedia analysis: does content matter?},
  author={Slaney, M.},
  journal={Multimedia, IEEE},
  volume={18},
  number={2},
  pages={12--15},
  year={2011},
  publisher={IEEE}
}

@inproceedings{Flexer2012MIREX,
  author    = {Arthur Flexer and Dominik Schnitzer and Jan Schlueter},
  title     = {A {MIREX} Meta-analysis of Hubness in Audio Music Similarity},
  booktitle = {Proceedings of the 13th International Society Music Information Retrieval Conference ({ISMIR})},
  year      = {2012},
  pages     = {175-180},
}

@inproceedings { Hadsell2006Dimensionality,
  author = "Hadsell, Raia and Chopra, Sumit and LeCun, Yann",
  title = "Dimensionality Reduction by Learning an Invariant Mapping",
  booktitle = "Proceedings of the Computer Vision and Pattern Recognition Conference (CVPR)",
  publisher = "IEEE Press",
  year = 2006
}

@article{Lyon2010Sound,
  title={Sound retrieval and ranking using sparse auditory representations},
  author={Lyon, R.F. and Rehn, M. and Bengio, S. and Walters, T.C. and Chechik, G.},
  journal={Neural computation},
  volume={22},
  number={9},
  pages={2390--2416},
  year={2010},
  publisher={MIT Press}
}

 @inproceedings{Mueller2011Chroma,
  author = {Meinard M{\"u}ller and Sebastian Ewert},
  title = {{C}hroma {T}oolbox: {MATLAB} implementations for extracting variants of chroma-based audio features},
  booktitle = {Proceedings of the 12th International Conference on Music Information Retrieval ({ISMIR})},
  address = {Miami, USA},
  year = {2011},
}

@inproceedings{Sumi2012Music,
  title={A music retrieval system using chroma and pitch features based on conditional random fields},
  author={Sumi, K. and Arai, M. and Fujishima, T. and Hashimoto, S.},
  booktitle={Acoustics, Speech and Signal Processing (ICASSP), 2012 IEEE International Conference on},
  pages={1997--2000},
  year={2012},
  organization={IEEE}
}

@article{Mermelstein1980Comparison,
  title={Comparison of parametric representations for monosyllabic word recognition in continuously spoken sentences},
  author={Davis, S. and Mermelstein, P.},
  journal={IEEE Transactions on Acoustics, Speech and Signal Processing},
  volume={28},
  number={4},
  pages={357--366},
  year={1980},
  publisher={IEEE}
}

@article{LeRoux2008Representational,
  title={Representational power of restricted boltzmann machines and deep belief networks},
  author={Le~Roux, N. and Bengio, Y.},
  journal={Neural Computation},
  volume={20},
  number={6},
  pages={1631--1649},
  year={2008},
  publisher={MIT Press}
}

@article{Bengio2012Unsupervised,
  author    = {Yoshua Bengio and Aaron C. Courville and Pascal Vincent},
  title     = {Unsupervised Feature Learning and Deep Learning: A Review and New Perspectives},
  journal   = {arXiv/1206.5538},
  year      = {2012},
  ee        = {http://arxiv.org/abs/1206.5538},
  bibsource = {DBLP, http://dblp.uni-trier.de}
}

@INPROCEEDINGS{Bergstra2010Theano,
     author = {Bergstra, James and Breuleux, Olivier and Bastien, Fr{\'{e}}d{\'{e}}ric and Lamblin, Pascal and Pascanu, Razvan and Desjardins, Guillaume and Turian, Joseph and Warde-Farley, David and Bengio, Yoshua},
      month = {June},
      title = {Theano: a {CPU} and {GPU} Math Expression Compiler},
  booktitle = {Proceedings of the of the Python for Scientific Computing Conference ({SciPy})},
       year = {2010},
   location = {Austin, TX},
}


@article{Le2012,
  title={Building high-level features using large scale unsupervised learning},
  author={Le, Q.V. and Monga, R. and Devin, M. and Corrado, G. and Chen, K. and Ranzato, M.A. and Dean, J. and Ng, A.Y.},
  journal={Proceedings of the International Conference on Machine Learning (ICML)},
  year={2012}
}

@inproceedings{Collobert2011Torch7,
  title = {Torch7: A Matlab-like Environment for Machine Learning},
  author = {R. Collobert and K. Kavukcuoglu and C. Farabet},
  booktitle = {BigLearn, NIPS Workshop},
  year = {2011}
}

@inproceedings{McFee2012Hypergraph,
    author  = {McFee,, B. and Lanckriet,, {G. R. G.}},
    year    = {2012},
    title   = {Hypergraph models of playlist dialects},
    booktitle = {Proceedings of the 13th International Society Music Information Retrieval Conference ({ISMIR})},
}

@article{Levy2009Music,
  title={Music information retrieval using social tags and audio},
  author={Levy, M. and Sandler, M.},
  journal={IEEE Transactions on Multimedia},
  volume={11},
  number={3},
  pages={383--395},
  year={2009},
  publisher={IEEE}
}

@article {Burges1998Tutorial,
   author = {Burges, Christopher J.C.},
   title = {A Tutorial on Support Vector Machines for Pattern Recognition},
   journal = {Data Mining and Knowledge Discovery},
   publisher = {Springer Netherlands},
   issn = {1384-5810},
   keyword = {Computer Science},
   pages = {121-167},
   volume = {2},
   issue = {2},
   year = {1998}
}

@book{Bishop2006Pattern,
  title={Pattern recognition and machine learning},
  author={Bishop, C.M.},
  year={2006},
  publisher={Springer}
}

@inproceedings{Mandel2005Song,
  title={Song-level features and support vector machines for music classification},
  author={Mandel, M.I. and Ellis, D.P.W.},
  booktitle={Proceedings of the 6th International Society Music Information Retrieval Conference ({ISMIR})},
  year={2005},
}

@inproceedings{Levy2007Comparison,
  title={A comparison of timbral and harmonic music segmentation algorithms},
  author={Levy, M. and Noland, K. and Sandler, M.},
  booktitle={2007 IEEE International Conference on Acoustics, Speech and Signal Processing (ICASSP)},
  volume={4},
  pages={IV--1433},
  year={2007},
  organization={IEEE}
}

@inproceedings{Leveau2007Automatic,
  title={Automatic instrument recognition in a polyphonic mixture using sparse representations},
  author={Leveau, P. and Sodoyer, D. and Daudet, L.},
  booktitle={Proceedings of the 8th International Society Music Information Retrieval Conference ({ISMIR})},
  year={2007}
}

@article{Wright2009Robust,
  title={Robust face recognition via sparse representation},
  author={Wright, J. and Yang, A.Y. and Ganesh, A. and Sastry, S.S. and Ma, Y.},
  journal={IEEE Transactions on Pattern Analysis and Machine Intelligence},
  volume={31},
  number={2},
  pages={210--227},
  year={2009},
  publisher={IEEE}
}

@article{Hinton2012Deep,
  title={Deep Neural Networks for Acoustic Modeling in Speech Recognition},
  author={Hinton, Geoffrey and Deng, Li and Yu, Dong and Dahl, George and Mohamed, Abdel-rahman and Jaitly, Navdeep and Senior, Andrew and Vanhoucke, Vincent and Nguyen, Patrick and Sainath, Tara and Kingsbury, Brian},
  journal={IEEE Signal Processing Magazine},
  year={2012}
}


@article{Chordia2011Predictive,
author = {Chordia, Parag and Sastry, Avinash and Sent\"urk, Sertan},
title = {Predictive Tabla Modelling Using Variable-length Markov and Hidden Markov Models},
journal = {Journal of New Music Research},
volume = {40},
number = {2},
pages = {105-118},
year = {2011},
}

@article{Large1994Resonance,
  title={Resonance and the perception of musical meter},
  author={Edward, W and Kolen, John F},
  journal={Connection Science},
  volume={6},
  number={2-3},
  pages={177--208},
  year={1994},
  publisher={Taylor \& Francis}
}

@inproceedings{Goto1995Realtime,
  title={A real-time beat tracking system for audio signals},
  author={Goto, Masataka and Muraoka, Yoichi},
  booktitle={Proceedings of the International Computer Music Conference ({ICMC})},
  pages={171--174},
  year={1995},
}

@article{Dixon2007Evaluation,
  title={Evaluation of the audio beat tracking system {B}eatroot},
  author={Dixon, Simon},
  journal={Journal of New Music Research},
  volume={36},
  number={1},
  pages={39--50},
  year={2007},
  publisher={Taylor \& Francis}
}

@inproceedings{Dannenberg1984Online,
  title={An on-line algorithm for real-time accompaniment},
  author={Dannenberg, Roger},
  booktitle={Proceedings of the International Computer Music Conference ({ICMC})},
  pages={193--198},
  year={1984},
}

@article{Bengio2007Scaling,
  title={Scaling learning algorithms towards {AI}},
  author={Bengio, Yoshua and LeCun, Yann},
  journal={Large-Scale Kernel Machines},
  volume={34},
  year={2007},
  publisher={MIT press}
}

@article{Le2010Tiled,
  title={Tiled convolutional neural networks},
  author={Le, Quoc V and Ngiam, Jiquan and Chen, Zhenghao and Chia, Daniel and Koh, Pang Wei and Ng, Andrew Y},
  journal={Advances in Neural Information Processing Systems ({NIPS})},
  volume={23},
  year={2010}
}

@article{Berenzweig2004Large,
  title={A large-scale evaluation of acoustic and subjective music-similarity measures},
  author={Berenzweig, Adam and Logan, Beth and Ellis, Daniel PW and Whitman, Brian},
  journal={Computer Music Journal},
  volume={28},
  number={2},
  pages={63--76},
  year={2004},
  publisher={MIT Press}
}

@inproceedings{Lecun2012Learning,
  title={Learning invariant feature hierarchies},
  author={Le{C}un, Yann},
  booktitle={Computer Vision--ECCV 2012. Workshops and Demonstrations},
  pages={496--505},
  year={2012},
  organization={Springer}
}
